@inproceedings{SPP,
author = {Kim, Jinchun and Pugsley, Seth H. and Gratz, Paul V. and Reddy, A. L. Narasimha and Wilkerson, Chris and Chishti, Zeshan},
title = {Path Confidence Based Lookahead Prefetching},
year = {2016},
publisher = {IEEE Press},
booktitle = {The 49th Annual IEEE/ACM International Symposium on Microarchitecture},
articleno = {60},
numpages = {12},
location = {Taipei, Taiwan},
series = {MICRO-49}
}


@inproceedings{Perceptron filtering,
author = {Bhatia, Eshan and Chacon, Gino and Pugsley, Seth and Teran, Elvira and Gratz, Paul V. and Jim\'{e}nez, Daniel A.},
title = {Perceptron-Based Prefetch Filtering},
year = {2019},
isbn = {9781450366694},
publisher = {Association for Computing Machinery},
address = {New York, NY, USA},
url = {https://doi.org/10.1145/3307650.3322207},
doi = {10.1145/3307650.3322207},
booktitle = {Proceedings of the 46th International Symposium on Computer Architecture},
pages = {1–13},
numpages = {13},
location = {Phoenix, Arizona},
series = {ISCA ’19}
}
  



@article{10.1145/3093336.3037701,
author = {Kim, Jinchun and Teran, Elvira and Gratz, Paul V. and Jim\'{e}nez, Daniel A. and Pugsley, Seth H. and Wilkerson, Chris},
title = {Kill the Program Counter: Reconstructing Program Behavior in the Processor Cache Hierarchy},
year = {2017},
issue_date = {April 2017},
publisher = {Association for Computing Machinery},
address = {New York, NY, USA},
volume = {52},
number = {4},
issn = {0362-1340},
url = {https://doi.org/10.1145/3093336.3037701},
doi = {10.1145/3093336.3037701},
journal = {SIGPLAN Not.},
month = apr,
pages = {737–749},
numpages = {13},
keywords = {memory hierarchy, data prefetching, cache replacemet policy}
}
  
@inproceedings{Kill The Program Counter,
author = {Kim, Jinchun and Teran, Elvira and Gratz, Paul V. and Jim\'{e}nez, Daniel A. and Pugsley, Seth H. and Wilkerson, Chris},
title = {Kill the Program Counter: Reconstructing Program Behavior in the Processor Cache Hierarchy},
year = {2017},
isbn = {9781450344654},
publisher = {Association for Computing Machinery},
address = {New York, NY, USA},
url = {https://doi.org/10.1145/3037697.3037701},
doi = {10.1145/3037697.3037701},
booktitle = {Proceedings of the Twenty-Second International Conference on Architectural Support for Programming Languages and Operating Systems},
pages = {737–749},
numpages = {13},
keywords = {data prefetching, memory hierarchy, cache replacemet policy},
location = {Xi&apos;an, China},
series = {ASPLOS ’17}
}
  
@inproceedings{Dynamic speculative precomputation,
author = {Collins, Jamison D. and Tullsen, Dean M. and Wang, Hong and Shen, John P.},
title = {Dynamic Speculative Precomputation},
year = {2001},
isbn = {0769513697},
publisher = {IEEE Computer Society},
address = {USA},
booktitle = {Proceedings of the 34th Annual ACM/IEEE International Symposium on Microarchitecture},
pages = {306–317},
numpages = {12},
location = {Austin, Texas},
series = {MICRO 34}
}
  




@inproceedings{performance oriented prefetching,
author = {Manikantan, R. and Govindarajan, R.},
title = {Focused Prefetching: Performance Oriented Prefetching Based on Commit Stalls},
year = {2008},
isbn = {9781605581583},
publisher = {Association for Computing Machinery},
address = {New York, NY, USA},
url = {https://doi.org/10.1145/1375527.1375576},
doi = {10.1145/1375527.1375576},
booktitle = {Proceedings of the 22nd Annual International Conference on Supercomputing},
pages = {339–348},
numpages = {10},
keywords = {commit stalls, prefetch},
location = {Island of Kos, Greece},
series = {ICS ’08}
}
  


@article{Survey of Recent Prefetching Techniques,
author = {Mittal, Sparsh},
title = {A Survey of Recent Prefetching Techniques for Processor Caches},
year = {2016},
issue_date = {November 2016},
publisher = {Association for Computing Machinery},
address = {New York, NY, USA},
volume = {49},
number = {2},
issn = {0360-0300},
url = {https://doi.org/10.1145/2907071},
doi = {10.1145/2907071},
journal = {ACM Comput. Surv.},
month = aug,
articleno = {35},
numpages = {35},
keywords = {helper thread prefetching, software (SW) prefetching, Review, data prefetching, instruction prefetching, speculative pre-execution, cache pollution, hardware (HW) prefetching, classification}
}

@inproceedings{Dynamic branch prediction with perceptrons,
author = {Jim\'{e}nez, Daniel A. and Lin, Calvin},
title = {Dynamic Branch Prediction with Perceptrons},
year = {2001},
isbn = {0769510191},
publisher = {IEEE Computer Society},
address = {USA},
booktitle = {Proceedings of the 7th International Symposium on High-Performance Computer Architecture},
pages = {197},
numpages = {1},
series = {HPCA ’01}
}
@ARTICLE{Data Cache Prefetching Using a Global History Buffer,  author={K. J. {Nesbit} and J. E. {Smith}},  journal={IEEE Micro},   title={Data cache prefetching using a global history buffer},   year={2005},  volume={25},  number={1},  pages={90-97},}

@inproceedings{Feedback Directed Prefetching,
author = {Srinath, Santhosh and Mutlu, Onur and Kim, Hyesoon and Patt, Yale N.},
title = {Feedback Directed Prefetching: Improving the Performance and Bandwidth-Efficiency of Hardware Prefetchers},
year = {2007},
isbn = {1424408040},
publisher = {IEEE Computer Society},
address = {USA},
url = {https://doi.org/10.1109/HPCA.2007.346185},
doi = {10.1109/HPCA.2007.346185},
booktitle = {Proceedings of the 2007 IEEE 13th International Symposium on High Performance Computer Architecture},
pages = {63–74},
numpages = {12},
series = {HPCA ’07}
}
  

@article{Mitigating Prefetcher-Caused Pollution Using Informed Caching Policies for Prefetched Blocks,
author = {Seshadri, Vivek and Yedkar, Samihan and Xin, Hongyi and Mutlu, Onur and Gibbons, Phillip B. and Kozuch, Michael A. and Mowry, Todd C.},
title = {Mitigating Prefetcher-Caused Pollution Using Informed Caching Policies for Prefetched Blocks},
year = {2015},
issue_date = {January 2015},
publisher = {Association for Computing Machinery},
address = {New York, NY, USA},
volume = {11},
number = {4},
issn = {1544-3566},
url = {https://doi.org/10.1145/2677956},
doi = {10.1145/2677956},
journal = {ACM Trans. Archit. Code Optim.},
month = jan,
articleno = {51},
numpages = {22},
keywords = {Prefetching, caches, cache pollution, cache insertion/promotion policy}
}
  
@ARTICLE{Superscalar,  author={J. E. {Smith} and G. S. {Sohi}},  journal={Proceedings of the IEEE},   title={The microarchitecture of superscalar processors},   year={1995},  volume={83},  number={12},  pages={1609-1624},}





